@article{minsnap,
author = {Daniel Mellinger and Nathan Michael and Vijay Kumar},
title ={Trajectory generation and control for precise aggressive maneuvers with quadrotors},
journal = {The International Journal of Robotics Research},
volume = {31},
number = {5},
pages = {664-674},
year = {2012},
doi = {10.1177/0278364911434236},

URL = { 
        https://doi.org/10.1177/0278364911434236
    
},
eprint = { 
        https://doi.org/10.1177/0278364911434236
    
}

}

@article{waypts,
author = {Farid, Ghulam and Hamid, Haris and Karim, Shahid and Tahir, Sohaib},
year = {2018},
month = {06},
pages = {},
title = {Waypoint-Based Generation of Guided and Optimal Trajectories for Autonomous Tracking Using a Quadrotor UAV},
volume = {27},
journal = {Studies in Informatics and Control},
doi = {10.24846/v27i2y201810}
}

@article{dln,
  title={End-to-End Learning of Driving Models from Large-Scale Video Datasets},
  author={Huazhe Xu and Yang Gao and Fisher Yu and Trevor Darrell},
  journal={2017 IEEE Conference on Computer Vision and Pattern Recognition (CVPR)},
  year={2017},
  pages={3530-3538}
}